\usepackage[utf8]{inputenc}
\begin{thebibliography}{99}

@article{acquisti2006,
  title={Is there a cost to privacy breaches? An event study},
  author={Acquisti, Alessandro and Friedman, Allan and Telang, Rahul},
  journal={ICIS 2006 Proceedings},
  pages={94},
  year={2006}
}

@article{fama2015,
  title={A five-factor asset pricing model},
  author={Fama, Eugene F and French, Kenneth R},
  journal={Journal of financial economics},
  volume={116},
  number={1},
  pages={1--22},
  year={2015},
  publisher={Elsevier}
}
@article{berger2010,
  title={Positive effects of negative publicity: When negative reviews increase sales},
  author={Berger, Jonah and Sorensen, Alan T and Rasmussen, Scott J},
  journal={Marketing Science},
  volume={29},
  number={5},
  pages={815--827},
  year={2010},
  publisher={INFORMS}
}

@article{carhart1997,
  title={On persistence in mutual fund performance},
  author={Carhart, Mark M},
  journal={The Journal of finance},
  volume={52},
  number={1},
  pages={57--82},
  year={1997},
  publisher={Wiley Online Library}
}

@misc{ponemon2018,
    title={Cost of a Data Breach Study},
    author={Ponemon-Institute},
    year={2018},
    institution={Ponemon Institute},
    volume={},
    number={},
}

@article{davis2009,
  title={Empirical analysis of the effects of cyber security incidents},
  author={Davis, Ginger and Garcia, Alfredo and Zhang, Weide},
  journal={Risk Analysis: An International Journal},
  volume={29},
  number={9},
  pages={1304--1316},
  year={2009},
  publisher={Wiley Online Library}
}

@article{goel2009,
  title={Estimating the market impact of security breach announcements on firm values},
  author={Goel, Sanjay and Shawky, Hany A},
  journal={Information \& Management},
  volume={46},
  number={7},
  pages={404--410},
  year={2009},
  publisher={Elsevier}
}

@article{gordon2011,
  title={The impact of information security breaches: Has there been a downward shift in costs?},
  author={Gordon, Lawrence A and Loeb, Martin P and Zhou, Lei},
  journal={Journal of Computer Security},
  volume={19},
  number={1},
  pages={33--56},
  year={2011},
  publisher={IOS Press}
}

@article{livingston2005,
  title={How valuable is a good reputation? A sample selection model of internet auctions},
  author={Livingston, Jeffrey A},
  journal={Review of Economics and Statistics},
  volume={87},
  number={3},
  pages={453--465},
  year={2005},
  publisher={MIT Press}
}

@article{roberds2009,
  title={Data breaches and identity theft},
  author={Roberds, William and Schreft, Stacey L},
  journal={Journal of Monetary Economics},
  volume={56},
  number={7},
  pages={918--929},
  year={2009},
  publisher={Elsevier}
}

@misc{googletrends,
    author={Google},
    title={Google Trends data (2005-2017)},
    publisher={Google},
    year={2018},
    note={data retrieved from https://trends.google.com/trends/}
}

@article{rosati2019,
  title={Social media and stock price reaction to data breach announcements: Evidence from US listed companies},
  author={Rosati, Pierangelo and Deeney, Peter and Cummins, Mark and Van der Werff, Lisa and Lynn, Theo},
  journal={Research in International Business and Finance},
  volume={47},
  pages={458--469},
  year={2019},
  publisher={Elsevier}
}

@misc{famafrench,
    author={French, Kenneth},
    title={Fama-French 5 research factors (2005-2017)},
    year={2018},
    publisher={Tuck School of Business},
    note={data retrieved from http://mba.tuck.dartmouth.edu/pages/faculty/ken.french/data\_library.html}
}

@misc{compustat,
    author={{Standard \& Poor's Compustat Services}},
    title={Quarterly data (2005-2017)},
    year={2019},
    note={data retreived from https://wrds-web.wharton.upenn.edu/wrds}
}

@misc{crsp,
    author={{Center for Research in Security Prices (CRSP), The University of Chicago Booth School of Business}},
    title={Daily Stock File (2005-2017)},
    year={2019},
    note={data retreived from https://wrds-web.wharton.upenn.edu/wrds}
}

@article{edwards2016,
  title={Hype and heavy tails: A closer look at data breaches},
  author={Edwards, Benjamin and Hofmeyr, Steven and Forrest, Stephanie},
  journal={Journal of Cybersecurity},
  volume={2},
  number={1},
  pages={3--14},
  year={2016},
  publisher={Oxford University Press}
}

@article{morse2011,
  title={Market price effects of data security breaches},
  author={Morse, Edward A and Raval, Vasant and Wingender Jr, John R},
  journal={Information Security Journal: A Global Perspective},
  volume={20},
  number={6},
  pages={263--273},
  year={2011},
  publisher={Taylor \& Francis}
}


@misc{privacyrightsclearinghouse2018,
    year={2018},
    author={Privacy-Rights-Clearinghouse},
    publisher={Privacy Rights Clearinghouse},
    title={Data Breaches Database (2005-2017)},
    URL={https://www.privacyrights.org/},
    note={data retrieved from https://www.privacyrights.org/}
}

@article{romanoskyetal2011,
    title={Do data breach disclosure laws reduce identity theft?},
    author={Romanosky, Sasha and Telang, Rahul and Acquisti, Alessandro},
    year={2011},
    journal={Journal of Policy Analysis and Management},
    volume={30},
    number={2},
}

@misc{ncsl2018,
    title={Security Breach Notification Laws [Press release]},
    year={2018},
    author={NCSL},
    publisher={NCSL},
    URL={http://www.ncsl.org/research/telecommunications-and-information-technology/security-breach-notification-laws.aspx}
}

@misc{facebook2018,
    title={Security Update [Press release]},
    year={2018},
    author={Facebook},
    publisher={Facebook},
    URL={https://newsroom.fb.com/news/2018/09/security-update/}
}

\end{thebibliography}